{
    "table": "orderBookL2",
    "action": "partial",
    "data": [
        {
            "symbol": "XBTUSD",
            "id": 8782200000,
            "side": "Sell",
            "size": 100,
            "price": 178000.0,
            "timestamp": "2023-06-19T14:40:06.944Z"
        },
        {
            "symbol": "XBTUSD",
            "id": 8782299950,
            "side": "Sell",
            "size": 100,
            "price": 177000.5,
            "timestamp": "2023-06-19T14:40:06.944Z"
        },
        {
            "symbol": "XBTUSD",
            "id": 8782399950,
            "side": "Sell",
            "size": 100,
            "price": 176000.5,
            "timestamp": "2023-06-19T14:40:06.944Z"
        },
        {
            "symbol": "XBTUSD",
            "id": 8782499950,
            "side": "Sell",
            "size": 100,
            "price": 175000.5,
            "timestamp": "2023-06-19T14:40:06.944Z"
        },
        {
            "symbol": "XBTUSD",
            "id": 8782599950,
            "side": "Sell",
            "size": 100,
            "price": 174000.5,
            "timestamp": "2023-06-19T14:40:06.944Z"
        },
        {
            "symbol": "XBTUSD",
            "id": 8782699950,
            "side": "Sell",
            "size": 100,
            "price": 173000.5,
            "timestamp": "2023-06-19T14:40:06.944Z"
        },
        {
            "symbol": "XBTUSD",
            "id": 8782800000,
            "side": "Sell",
            "size": 100,
            "price": 172000.0,
            "timestamp": "2023-06-19T14:40:06.944Z"
        },
        {
            "symbol": "XBTUSD",
            "id": 8782899950,
            "side": "Sell",
            "size": 100,
            "price": 171000.5,
            "timestamp": "2023-06-19T14:40:06.944Z"
        },
        {
            "symbol": "XBTUSD",
            "id": 8783000000,
            "side": "Sell",
            "size": 100,
            "price": 170000.0,
            "timestamp": "2023-06-19T14:40:06.944Z"
        },
        {
            "symbol": "XBTUSD",
            "id": 8783099950,
            "side": "Sell",
            "size": 100,
            "price": 169000.5,
            "timestamp": "2023-06-19T14:40:06.944Z"
        },
        {
            "symbol": "XBTUSD",
            "id": 8783199950,
            "side": "Sell",
            "size": 100,
            "price": 168000.5,
            "timestamp": "2023-06-19T14:40:06.944Z"
        },
        {
            "symbol": "XBTUSD",
            "id": 8783299950,
            "side": "Sell",
            "size": 100,
            "price": 167000.5,
            "timestamp": "2023-06-19T14:40:06.944Z"
        },
        {
            "symbol": "XBTUSD",
            "id": 8783399950,
            "side": "Sell",
            "size": 100,
            "price": 166000.5,
            "timestamp": "2023-06-19T14:40:06.944Z"
        },
        {
            "symbol": "XBTUSD",
            "id": 8783433000,
            "side": "Sell",
            "size": 100,
            "price": 165670.0,
            "timestamp": "2023-06-19T14:40:06.944Z"
        },
        {
            "symbol": "XBTUSD",
            "id": 8783500000,
            "side": "Sell",
            "size": 100,
            "price": 165000.0,
            "timestamp": "2023-06-19T14:40:06.944Z"
        },
        {
            "symbol": "XBTUSD",
            "id": 8783600000,
            "side": "Sell",
            "size": 100,
            "price": 164000.0,
            "timestamp": "2023-06-19T14:40:06.944Z"
        },
        {
            "symbol": "XBTUSD",
            "id": 8783699950,
            "side": "Sell",
            "size": 100,
            "price": 163000.5,
            "timestamp": "2023-06-19T14:40:06.944Z"
        },
        {
            "symbol": "XBTUSD",
            "id": 8783799950,
            "side": "Sell",
            "size": 100,
            "price": 162000.5,
            "timestamp": "2023-06-19T14:40:06.944Z"
        },
        {
            "symbol": "XBTUSD",
            "id": 8783899950,
            "side": "Sell",
            "size": 100,
            "price": 161000.5,
            "timestamp": "2023-06-19T14:40:06.944Z"
        },
        {
            "symbol": "XBTUSD",
            "id": 8784000000,
            "side": "Sell",
            "size": 100,
            "price": 160000.0,
            "timestamp": "2023-06-19T14:40:06.944Z"
        },
        {
            "symbol": "XBTUSD",
            "id": 8784099950,
            "side": "Sell",
            "size": 100,
            "price": 159000.5,
            "timestamp": "2023-06-19T14:40:06.944Z"
        },
        {
            "symbol": "XBTUSD",
            "id": 8784200000,
            "side": "Sell",
            "size": 100,
            "price": 158000.0,
            "timestamp": "2023-06-19T14:40:06.944Z"
        },
        {
            "symbol": "XBTUSD",
            "id": 8784300000,
            "side": "Sell",
            "size": 100,
            "price": 157000.0,
            "timestamp": "2023-06-19T14:40:06.944Z"
        },
        {
            "symbol": "XBTUSD",
            "id": 8784399950,
            "side": "Sell",
            "size": 100,
            "price": 156000.5,
            "timestamp": "2023-06-19T14:40:06.944Z"
        },
        {
            "symbol": "XBTUSD",
            "id": 8784499950,
            "side": "Sell",
            "size": 100,
            "price": 155000.5,
            "timestamp": "2023-06-19T14:40:06.944Z"
        },
        {
            "symbol": "XBTUSD",
            "id": 8784599950,
            "side": "Sell",
            "size": 100,
            "price": 154000.5,
            "timestamp": "2023-06-19T14:40:06.944Z"
        },
        {
            "symbol": "XBTUSD",
            "id": 8784699950,
            "side": "Sell",
            "size": 100,
            "price": 153000.5,
            "timestamp": "2023-06-19T14:40:06.944Z"
        },
        {
            "symbol": "XBTUSD",
            "id": 8784800000,
            "side": "Sell",
            "size": 100,
            "price": 152000.0,
            "timestamp": "2023-06-19T14:40:06.944Z"
        },
        {
            "symbol": "XBTUSD",
            "id": 8784900000,
            "side": "Sell",
            "size": 100,
            "price": 151000.0,
            "timestamp": "2023-06-19T14:40:06.944Z"
        },
        {
            "symbol": "XBTUSD",
            "id": 8785000000,
            "side": "Sell",
            "size": 100,
            "price": 150000.0,
            "timestamp": "2023-06-19T14:40:06.944Z"
        },
        {
            "symbol": "XBTUSD",
            "id": 8785000100,
            "side": "Sell",
            "size": 3200,
            "price": 149999.0,
            "timestamp": "2023-06-19T14:40:06.944Z"
        },
        {
            "symbol": "XBTUSD",
            "id": 8785100000,
            "side": "Sell",
            "size": 100,
            "price": 149000.0,
            "timestamp": "2023-06-19T14:40:06.944Z"
        },
        {
            "symbol": "XBTUSD",
            "id": 8785200000,
            "side": "Sell",
            "size": 100,
            "price": 148000.0,
            "timestamp": "2023-06-19T14:40:06.944Z"
        },
        {
            "symbol": "XBTUSD",
            "id": 8785300000,
            "side": "Sell",
            "size": 100,
            "price": 147000.0,
            "timestamp": "2023-06-19T14:40:06.944Z"
        },
        {
            "symbol": "XBTUSD",
            "id": 8785400000,
            "side": "Sell",
            "size": 100,
            "price": 146000.0,
            "timestamp": "2023-06-19T14:40:06.944Z"
        },
        {
            "symbol": "XBTUSD",
            "id": 8785500000,
            "side": "Sell",
            "size": 100,
            "price": 145000.0,
            "timestamp": "2023-06-19T14:40:06.944Z"
        },
        {
            "symbol": "XBTUSD",
            "id": 8785600000,
            "side": "Sell",
            "size": 100,
            "price": 144000.0,
            "timestamp": "2023-06-19T14:40:06.944Z"
        },
        {
            "symbol": "XBTUSD",
            "id": 8785700000,
            "side": "Sell",
            "size": 100,
            "price": 143000.0,
            "timestamp": "2023-06-19T14:40:06.944Z"
        },
        {
            "symbol": "XBTUSD",
            "id": 8785800000,
            "side": "Sell",
            "size": 100,
            "price": 142000.0,
            "timestamp": "2023-06-19T14:40:06.944Z"
        },
        {
            "symbol": "XBTUSD",
            "id": 8785900000,
            "side": "Sell",
            "size": 100,
            "price": 141000.0,
            "timestamp": "2023-06-19T14:40:06.944Z"
        },
        {
            "symbol": "XBTUSD",
            "id": 8786000000,
            "side": "Sell",
            "size": 100,
            "price": 140000.0,
            "timestamp": "2023-06-19T14:40:06.944Z"
        },
        {
            "symbol": "XBTUSD",
            "id": 8786099950,
            "side": "Sell",
            "size": 100,
            "price": 139000.5,
            "timestamp": "2023-06-19T14:40:06.944Z"
        },
        {
            "symbol": "XBTUSD",
            "id": 8786200000,
            "side": "Sell",
            "size": 100,
            "price": 138000.0,
            "timestamp": "2023-06-19T14:40:06.944Z"
        },
        {
            "symbol": "XBTUSD",
            "id": 8786299950,
            "side": "Sell",
            "size": 100,
            "price": 137000.5,
            "timestamp": "2023-06-19T14:40:06.944Z"
        },
        {
            "symbol": "XBTUSD",
            "id": 8786399950,
            "side": "Sell",
            "size": 100,
            "price": 136000.5,
            "timestamp": "2023-06-19T14:40:06.944Z"
        },
        {
            "symbol": "XBTUSD",
            "id": 8786499950,
            "side": "Sell",
            "size": 100,
            "price": 135000.5,
            "timestamp": "2023-06-19T14:40:06.944Z"
        },
        {
            "symbol": "XBTUSD",
            "id": 8786600000,
            "side": "Sell",
            "size": 100,
            "price": 134000.0,
            "timestamp": "2023-06-19T14:40:06.944Z"
        },
        {
            "symbol": "XBTUSD",
            "id": 8786700000,
            "side": "Sell",
            "size": 100,
            "price": 133000.0,
            "timestamp": "2023-06-19T14:40:06.944Z"
        },
        {
            "symbol": "XBTUSD",
            "id": 8786800000,
            "side": "Sell",
            "size": 100,
            "price": 132000.0,
            "timestamp": "2023-06-19T14:40:06.944Z"
        },
        {
            "symbol": "XBTUSD",
            "id": 8786900000,
            "side": "Sell",
            "size": 100,
            "price": 131000.0,
            "timestamp": "2023-06-19T14:40:06.944Z"
        },
        {
            "symbol": "XBTUSD",
            "id": 8786999950,
            "side": "Sell",
            "size": 100,
            "price": 130000.5,
            "timestamp": "2023-06-19T14:40:06.944Z"
        },
        {
            "symbol": "XBTUSD",
            "id": 8787099950,
            "side": "Sell",
            "size": 100,
            "price": 129000.5,
            "timestamp": "2023-06-19T14:40:06.944Z"
        },
        {
            "symbol": "XBTUSD",
            "id": 8787199950,
            "side": "Sell",
            "size": 100,
            "price": 128000.5,
            "timestamp": "2023-06-19T14:40:06.944Z"
        },
        {
            "symbol": "XBTUSD",
            "id": 8787300000,
            "side": "Sell",
            "size": 100,
            "price": 127000.0,
            "timestamp": "2023-06-19T14:40:06.944Z"
        },
        {
            "symbol": "XBTUSD",
            "id": 8787400000,
            "side": "Sell",
            "size": 100,
            "price": 126000.0,
            "timestamp": "2023-06-19T14:40:06.944Z"
        },
        {
            "symbol": "XBTUSD",
            "id": 8787500000,
            "side": "Sell",
            "size": 100,
            "price": 125000.0,
            "timestamp": "2023-06-19T14:40:06.944Z"
        },
        {
            "symbol": "XBTUSD",
            "id": 8787600000,
            "side": "Sell",
            "size": 100,
            "price": 124000.0,
            "timestamp": "2023-06-19T14:40:06.944Z"
        },
        {
            "symbol": "XBTUSD",
            "id": 8787700000,
            "side": "Sell",
            "size": 100,
            "price": 123000.0,
            "timestamp": "2023-06-19T14:40:06.944Z"
        },
        {
            "symbol": "XBTUSD",
            "id": 8787800000,
            "side": "Sell",
            "size": 100,
            "price": 122000.0,
            "timestamp": "2023-06-19T14:40:06.944Z"
        },
        {
            "symbol": "XBTUSD",
            "id": 8787900000,
            "side": "Sell",
            "size": 100,
            "price": 121000.0,
            "timestamp": "2023-06-19T14:40:06.944Z"
        },
        {
            "symbol": "XBTUSD",
            "id": 8788000000,
            "side": "Sell",
            "size": 420100,
            "price": 120000.0,
            "timestamp": "2023-06-19T14:40:06.944Z"
        },
        {
            "symbol": "XBTUSD",
            "id": 8788020000,
            "side": "Sell",
            "size": 200,
            "price": 119800.0,
            "timestamp": "2023-06-19T14:40:06.944Z"
        },
        {
            "symbol": "XBTUSD",
            "id": 8788081000,
            "side": "Sell",
            "size": 1000,
            "price": 119190.0,
            "timestamp": "2023-06-19T14:40:06.944Z"
        },
        {
            "symbol": "XBTUSD",
            "id": 8788175000,
            "side": "Sell",
            "size": 14000,
            "price": 118250.0,
            "timestamp": "2023-06-19T14:40:06.944Z"
        },
        {
            "symbol": "XBTUSD",
            "id": 8789272250,
            "side": "Sell",
            "size": 2000,
            "price": 107277.5,
            "timestamp": "2023-06-19T14:40:06.944Z"
        },
        {
            "symbol": "XBTUSD",
            "id": 8789918600,
            "side": "Sell",
            "size": 1000,
            "price": 100814.0,
            "timestamp": "2023-06-19T14:40:06.944Z"
        },
        {
            "symbol": "XBTUSD",
            "id": 8790000000,
            "side": "Sell",
            "size": 80000,
            "price": 100000.0,
            "timestamp": "2023-06-19T14:40:06.944Z"
        },
        {
            "symbol": "XBTUSD",
            "id": 8790018450,
            "side": "Sell",
            "size": 1000,
            "price": 99815.5,
            "timestamp": "2023-06-19T14:40:06.944Z"
        },
        {
            "symbol": "XBTUSD",
            "id": 8790100000,
            "side": "Sell",
            "size": 200000,
            "price": 99000.0,
            "timestamp": "2023-06-19T14:40:06.944Z"
        },
        {
            "symbol": "XBTUSD",
            "id": 8790117250,
            "side": "Sell",
            "size": 1000,
            "price": 98827.5,
            "timestamp": "2023-06-19T14:40:06.944Z"
        },
        {
            "symbol": "XBTUSD",
            "id": 8790215100,
            "side": "Sell",
            "size": 1000,
            "price": 97849.0,
            "timestamp": "2023-06-19T14:40:06.944Z"
        },
        {
            "symbol": "XBTUSD",
            "id": 8790312000,
            "side": "Sell",
            "size": 1000,
            "price": 96880.0,
            "timestamp": "2023-06-19T14:40:06.944Z"
        },
        {
            "symbol": "XBTUSD",
            "id": 8790400000,
            "side": "Sell",
            "size": 50000,
            "price": 96000.0,
            "timestamp": "2023-06-19T14:40:06.944Z"
        },
        {
            "symbol": "XBTUSD",
            "id": 8790407900,
            "side": "Sell",
            "size": 1000,
            "price": 95921.0,
            "timestamp": "2023-06-19T14:40:06.944Z"
        },
        {
            "symbol": "XBTUSD",
            "id": 8790502900,
            "side": "Sell",
            "size": 1000,
            "price": 94971.0,
            "timestamp": "2023-06-19T14:40:06.944Z"
        },
        {
            "symbol": "XBTUSD",
            "id": 8790596900,
            "side": "Sell",
            "size": 1000,
            "price": 94031.0,
            "timestamp": "2023-06-19T14:40:06.944Z"
        },
        {
            "symbol": "XBTUSD",
            "id": 8790628900,
            "side": "Sell",
            "size": 400,
            "price": 93711.0,
            "timestamp": "2023-06-19T14:40:06.944Z"
        },
        {
            "symbol": "XBTUSD",
            "id": 8790690000,
            "side": "Sell",
            "size": 1000,
            "price": 93100.0,
            "timestamp": "2023-06-19T14:40:06.944Z"
        },
        {
            "symbol": "XBTUSD",
            "id": 8790782200,
            "side": "Sell",
            "size": 1000,
            "price": 92178.0,
            "timestamp": "2023-06-19T14:40:06.944Z"
        },
        {
            "symbol": "XBTUSD",
            "id": 8790873450,
            "side": "Sell",
            "size": 1000,
            "price": 91265.5,
            "timestamp": "2023-06-19T14:40:06.944Z"
        },
        {
            "symbol": "XBTUSD",
            "id": 8790963800,
            "side": "Sell",
            "size": 1000,
            "price": 90362.0,
            "timestamp": "2023-06-19T14:40:06.944Z"
        },
        {
            "symbol": "XBTUSD",
            "id": 8791053300,
            "side": "Sell",
            "size": 1000,
            "price": 89467.0,
            "timestamp": "2023-06-19T14:40:06.944Z"
        },
        {
            "symbol": "XBTUSD",
            "id": 8791141850,
            "side": "Sell",
            "size": 1000,
            "price": 88581.5,
            "timestamp": "2023-06-19T14:40:06.944Z"
        },
        {
            "symbol": "XBTUSD",
            "id": 8791229550,
            "side": "Sell",
            "size": 1000,
            "price": 87704.5,
            "timestamp": "2023-06-19T14:40:06.944Z"
        },
        {
            "symbol": "XBTUSD",
            "id": 8791316400,
            "side": "Sell",
            "size": 1000,
            "price": 86836.0,
            "timestamp": "2023-06-19T14:40:06.944Z"
        },
        {
            "symbol": "XBTUSD",
            "id": 8791402400,
            "side": "Sell",
            "size": 1000,
            "price": 85976.0,
            "timestamp": "2023-06-19T14:40:06.944Z"
        },
        {
            "symbol": "XBTUSD",
            "id": 8791487500,
            "side": "Sell",
            "size": 1000,
            "price": 85125.0,
            "timestamp": "2023-06-19T14:40:06.944Z"
        },
        {
            "symbol": "XBTUSD",
            "id": 8791500000,
            "side": "Sell",
            "size": 100000,
            "price": 85000.0,
            "timestamp": "2023-06-19T14:40:06.944Z"
        },
        {
            "symbol": "XBTUSD",
            "id": 8791571800,
            "side": "Sell",
            "size": 1000,
            "price": 84282.0,
            "timestamp": "2023-06-19T14:40:06.944Z"
        },
        {
            "symbol": "XBTUSD",
            "id": 8791655250,
            "side": "Sell",
            "size": 1000,
            "price": 83447.5,
            "timestamp": "2023-06-19T14:40:06.944Z"
        },
        {
            "symbol": "XBTUSD",
            "id": 8791737850,
            "side": "Sell",
            "size": 1000,
            "price": 82621.5,
            "timestamp": "2023-06-19T14:40:06.944Z"
        },
        {
            "symbol": "XBTUSD",
            "id": 8791819650,
            "side": "Sell",
            "size": 1000,
            "price": 81803.5,
            "timestamp": "2023-06-19T14:40:06.944Z"
        },
        {
            "symbol": "XBTUSD",
            "id": 8791874500,
            "side": "Sell",
            "size": 1000,
            "price": 81255.0,
            "timestamp": "2023-06-19T14:40:06.944Z"
        },
        {
            "symbol": "XBTUSD",
            "id": 8791878700,
            "side": "Sell",
            "size": 600,
            "price": 81213.0,
            "timestamp": "2023-06-19T14:40:06.944Z"
        },
        {
            "symbol": "XBTUSD",
            "id": 8791898600,
            "side": "Sell",
            "size": 20000,
            "price": 81014.0,
            "timestamp": "2023-06-19T14:40:06.944Z"
        },
        {
            "symbol": "XBTUSD",
            "id": 8791900650,
            "side": "Sell",
            "size": 1000,
            "price": 80993.5,
            "timestamp": "2023-06-19T14:40:06.944Z"
        },
        {
            "symbol": "XBTUSD",
            "id": 8791980850,
            "side": "Sell",
            "size": 1000,
            "price": 80191.5,
            "timestamp": "2023-06-19T14:40:06.944Z"
        },
        {
            "symbol": "XBTUSD",
            "id": 8792000000,
            "side": "Sell",
            "size": 28000,
            "price": 80000.0,
            "timestamp": "2023-06-19T14:40:06.944Z"
        },
        {
            "symbol": "XBTUSD",
            "id": 8792060250,
            "side": "Sell",
            "size": 1000,
            "price": 79397.5,
            "timestamp": "2023-06-19T14:40:06.944Z"
        },
        {
            "symbol": "XBTUSD",
            "id": 8792112300,
            "side": "Sell",
            "size": 100000,
            "price": 78877.0,
            "timestamp": "2023-06-19T14:40:06.944Z"
        },
        {
            "symbol": "XBTUSD",
            "id": 8792138850,
            "side": "Sell",
            "size": 1000,
            "price": 78611.5,
            "timestamp": "2023-06-19T14:40:06.944Z"
        },
        {
            "symbol": "XBTUSD",
            "id": 8792216700,
            "side": "Sell",
            "size": 1000,
            "price": 77833.0,
            "timestamp": "2023-06-19T14:40:06.944Z"
        },
        {
            "symbol": "XBTUSD",
            "id": 8792293750,
            "side": "Sell",
            "size": 1000,
            "price": 77062.5,
            "timestamp": "2023-06-19T14:40:06.944Z"
        },
        {
            "symbol": "XBTUSD",
            "id": 8792309900,
            "side": "Sell",
            "size": 100,
            "price": 76901.0,
            "timestamp": "2023-06-19T14:40:06.944Z"
        },
        {
            "symbol": "XBTUSD",
            "id": 8792341900,
            "side": "Sell",
            "size": 100,
            "price": 76581.0,
            "timestamp": "2023-06-19T14:40:06.944Z"
        },
        {
            "symbol": "XBTUSD",
            "id": 8792370050,
            "side": "Sell",
            "size": 1000,
            "price": 76299.5,
            "timestamp": "2023-06-19T14:40:06.944Z"
        },
        {
            "symbol": "XBTUSD",
            "id": 8792400000,
            "side": "Sell",
            "size": 1900,
            "price": 76000.0,
            "timestamp": "2023-06-19T14:40:06.944Z"
        },
        {
            "symbol": "XBTUSD",
            "id": 8792445600,
            "side": "Sell",
            "size": 1000,
            "price": 75544.0,
            "timestamp": "2023-06-19T14:40:06.944Z"
        },
        {
            "symbol": "XBTUSD",
            "id": 8792491900,
            "side": "Sell",
            "size": 100,
            "price": 75081.0,
            "timestamp": "2023-06-19T14:40:06.944Z"
        },
        {
            "symbol": "XBTUSD",
            "id": 8792500000,
            "side": "Sell",
            "size": 90300,
            "price": 75000.0,
            "timestamp": "2023-06-19T14:40:06.944Z"
        },
        {
            "symbol": "XBTUSD",
            "id": 8792520400,
            "side": "Sell",
            "size": 1000,
            "price": 74796.0,
            "timestamp": "2023-06-19T14:40:06.944Z"
        },
        {
            "symbol": "XBTUSD",
            "id": 8792555900,
            "side": "Sell",
            "size": 200,
            "price": 74441.0,
            "timestamp": "2023-06-19T14:40:06.944Z"
        },
        {
            "symbol": "XBTUSD",
            "id": 8792567500,
            "side": "Sell",
            "size": 600,
            "price": 74325.0,
            "timestamp": "2023-06-19T14:40:06.944Z"
        },
        {
            "symbol": "XBTUSD",
            "id": 8792594450,
            "side": "Sell",
            "size": 1000,
            "price": 74055.5,
            "timestamp": "2023-06-19T14:40:06.944Z"
        },
        {
            "symbol": "XBTUSD",
            "id": 8792600000,
            "side": "Sell",
            "size": 102000,
            "price": 74000.0,
            "timestamp": "2023-06-19T14:40:06.944Z"
        },
        {
            "symbol": "XBTUSD",
            "id": 8792641900,
            "side": "Sell",
            "size": 100,
            "price": 73581.0,
            "timestamp": "2023-06-19T14:40:06.944Z"
        },
        {
            "symbol": "XBTUSD",
            "id": 8792660000,
            "side": "Sell",
            "size": 100,
            "price": 73400.0,
            "timestamp": "2023-06-19T14:40:06.944Z"
        },
        {
            "symbol": "XBTUSD",
            "id": 8792667750,
            "side": "Sell",
            "size": 1000,
            "price": 73322.5,
            "timestamp": "2023-06-19T14:40:06.944Z"
        },
        {
            "symbol": "XBTUSD",
            "id": 8792733400,
            "side": "Sell",
            "size": 100,
            "price": 72666.0,
            "timestamp": "2023-06-19T14:40:06.944Z"
        },
        {
            "symbol": "XBTUSD",
            "id": 8792740350,
            "side": "Sell",
            "size": 1000,
            "price": 72596.5,
            "timestamp": "2023-06-19T14:40:06.944Z"
        },
        {
            "symbol": "XBTUSD",
            "id": 8792775550,
            "side": "Sell",
            "size": 1000,
            "price": 72244.5,
            "timestamp": "2023-06-19T14:40:06.944Z"
        },
        {
            "symbol": "XBTUSD",
            "id": 8792791900,
            "side": "Sell",
            "size": 100,
            "price": 72081.0,
            "timestamp": "2023-06-19T14:40:06.944Z"
        },
        {
            "symbol": "XBTUSD",
            "id": 8792810000,
            "side": "Sell",
            "size": 100,
            "price": 71900.0,
            "timestamp": "2023-06-19T14:40:06.944Z"
        },
        {
            "symbol": "XBTUSD",
            "id": 8792812250,
            "side": "Sell",
            "size": 1000,
            "price": 71877.5,
            "timestamp": "2023-06-19T14:40:06.944Z"
        },
        {
            "symbol": "XBTUSD",
            "id": 8792883400,
            "side": "Sell",
            "size": 1000,
            "price": 71166.0,
            "timestamp": "2023-06-19T14:40:06.944Z"
        },
        {
            "symbol": "XBTUSD",
            "id": 8792894250,
            "side": "Sell",
            "size": 800,
            "price": 71057.5,
            "timestamp": "2023-06-19T14:40:06.944Z"
        },
        {
            "symbol": "XBTUSD",
            "id": 8792941900,
            "side": "Sell",
            "size": 100,
            "price": 70581.0,
            "timestamp": "2023-06-19T14:40:06.944Z"
        },
        {
            "symbol": "XBTUSD",
            "id": 8792953900,
            "side": "Sell",
            "size": 1000,
            "price": 70461.0,
            "timestamp": "2023-06-19T14:40:06.944Z"
        },
        {
            "symbol": "XBTUSD",
            "id": 8792986050,
            "side": "Sell",
            "size": 700,
            "price": 70139.5,
            "timestamp": "2023-06-19T14:40:06.944Z"
        },
        {
            "symbol": "XBTUSD",
            "id": 8792995150,
            "side": "Sell",
            "size": 100,
            "price": 70048.5,
            "timestamp": "2023-06-19T14:40:06.944Z"
        },
        {
            "symbol": "XBTUSD",
            "id": 8793000000,
            "side": "Sell",
            "size": 20100,
            "price": 70000.0,
            "timestamp": "2023-06-19T14:40:06.944Z"
        },
        {
            "symbol": "XBTUSD",
            "id": 8793023650,
            "side": "Sell",
            "size": 1000,
            "price": 69763.5,
            "timestamp": "2023-06-19T14:40:06.944Z"
        },
        {
            "symbol": "XBTUSD",
            "id": 8793040950,
            "side": "Sell",
            "size": 2300,
            "price": 69590.5,
            "timestamp": "2023-06-19T14:40:06.944Z"
        },
        {
            "symbol": "XBTUSD",
            "id": 8793074650,
            "side": "Sell",
            "size": 100,
            "price": 69253.5,
            "timestamp": "2023-06-19T14:40:06.944Z"
        },
        {
            "symbol": "XBTUSD",
            "id": 8793092700,
            "side": "Sell",
            "size": 1000,
            "price": 69073.0,
            "timestamp": "2023-06-19T14:40:06.944Z"
        },
        {
            "symbol": "XBTUSD",
            "id": 8793154100,
            "side": "Sell",
            "size": 100,
            "price": 68459.0,
            "timestamp": "2023-06-19T14:40:06.944Z"
        },
        {
            "symbol": "XBTUSD",
            "id": 8793161100,
            "side": "Sell",
            "size": 1000,
            "price": 68389.0,
            "timestamp": "2023-06-19T14:40:06.944Z"
        },
        {
            "symbol": "XBTUSD",
            "id": 8793166300,
            "side": "Sell",
            "size": 1000,
            "price": 68337.0,
            "timestamp": "2023-06-19T14:40:06.944Z"
        },
        {
            "symbol": "XBTUSD",
            "id": 8793203200,
            "side": "Sell",
            "size": 700,
            "price": 67968.0,
            "timestamp": "2023-06-19T14:40:06.944Z"
        },
        {
            "symbol": "XBTUSD",
            "id": 8793228800,
            "side": "Sell",
            "size": 1000,
            "price": 67712.0,
            "timestamp": "2023-06-19T14:40:06.944Z"
        },
        {
            "symbol": "XBTUSD",
            "id": 8793233600,
            "side": "Sell",
            "size": 100,
            "price": 67664.0,
            "timestamp": "2023-06-19T14:40:06.944Z"
        },
        {
            "symbol": "XBTUSD",
            "id": 8793253000,
            "side": "Sell",
            "size": 1000,
            "price": 67470.0,
            "timestamp": "2023-06-19T14:40:06.944Z"
        },
        {
            "symbol": "XBTUSD",
            "id": 8793295850,
            "side": "Sell",
            "size": 1000,
            "price": 67041.5,
            "timestamp": "2023-06-19T14:40:06.944Z"
        },
        {
            "symbol": "XBTUSD",
            "id": 8793313050,
            "side": "Sell",
            "size": 100,
            "price": 66869.5,
            "timestamp": "2023-06-19T14:40:06.944Z"
        },
        {
            "symbol": "XBTUSD",
            "id": 8793333400,
            "side": "Sell",
            "size": 100,
            "price": 66666.0,
            "timestamp": "2023-06-19T14:40:06.944Z"
        },
        {
            "symbol": "XBTUSD",
            "id": 8793344450,
            "side": "Sell",
            "size": 1000,
            "price": 66555.5,
            "timestamp": "2023-06-19T14:40:06.944Z"
        },
        {
            "symbol": "XBTUSD",
            "id": 8793362250,
            "side": "Sell",
            "size": 1000,
            "price": 66377.5,
            "timestamp": "2023-06-19T14:40:06.944Z"
        },
        {
            "symbol": "XBTUSD",
            "id": 8793392550,
            "side": "Sell",
            "size": 100,
            "price": 66074.5,
            "timestamp": "2023-06-19T14:40:06.944Z"
        },
        {
            "symbol": "XBTUSD",
            "id": 8793400000,
            "side": "Sell",
            "size": 100,
            "price": 66000.0,
            "timestamp": "2023-06-19T14:40:06.944Z"
        },
        {
            "symbol": "XBTUSD",
            "id": 8793427950,
            "side": "Sell",
            "size": 1000,
            "price": 65720.5,
            "timestamp": "2023-06-19T14:40:06.944Z"
        },
        {
            "symbol": "XBTUSD",
            "id": 8793443700,
            "side": "Sell",
            "size": 400,
            "price": 65563.0,
            "timestamp": "2023-06-19T14:40:06.944Z"
        },
        {
            "symbol": "XBTUSD",
            "id": 8793472000,
            "side": "Sell",
            "size": 100,
            "price": 65280.0,
            "timestamp": "2023-06-19T14:40:06.944Z"
        },
        {
            "symbol": "XBTUSD",
            "id": 8793482600,
            "side": "Sell",
            "size": 1900,
            "price": 65174.0,
            "timestamp": "2023-06-19T14:40:06.944Z"
        },
        {
            "symbol": "XBTUSD",
            "id": 8793493050,
            "side": "Sell",
            "size": 1000,
            "price": 65069.5,
            "timestamp": "2023-06-19T14:40:06.944Z"
        },
        {
            "symbol": "XBTUSD",
            "id": 8793500000,
            "side": "Sell",
            "size": 10000,
            "price": 65000.0,
            "timestamp": "2023-06-19T14:40:06.944Z"
        },
        {
            "symbol": "XBTUSD",
            "id": 8793551450,
            "side": "Sell",
            "size": 100,
            "price": 64485.5,
            "timestamp": "2023-06-19T14:40:06.944Z"
        },
        {
            "symbol": "XBTUSD",
            "id": 8793557500,
            "side": "Sell",
            "size": 1000,
            "price": 64425.0,
            "timestamp": "2023-06-19T14:40:06.944Z"
        },
        {
            "symbol": "XBTUSD",
            "id": 8793621250,
            "side": "Sell",
            "size": 1000,
            "price": 63787.5,
            "timestamp": "2023-06-19T14:40:06.944Z"
        },
        {
            "symbol": "XBTUSD",
            "id": 8793622300,
            "side": "Sell",
            "size": 1000,
            "price": 63777.0,
            "timestamp": "2023-06-19T14:40:06.944Z"
        },
        {
            "symbol": "XBTUSD",
            "id": 8793630950,
            "side": "Sell",
            "size": 100,
            "price": 63690.5,
            "timestamp": "2023-06-19T14:40:06.944Z"
        },
        {
            "symbol": "XBTUSD",
            "id": 8793655750,
            "side": "Sell",
            "size": 2600,
            "price": 63442.5,
            "timestamp": "2023-06-19T14:40:06.944Z"
        },
        {
            "symbol": "XBTUSD",
            "id": 8793667100,
            "side": "Sell",
            "size": 2553000,
            "price": 63329.0,
            "timestamp": "2023-06-19T14:40:06.944Z"
        },
        {
            "symbol": "XBTUSD",
            "id": 8793684400,
            "side": "Sell",
            "size": 1000,
            "price": 63156.0,
            "timestamp": "2023-06-19T14:40:06.944Z"
        },
        {
            "symbol": "XBTUSD",
            "id": 8793700000,
            "side": "Sell",
            "size": 300,
            "price": 63000.0,
            "timestamp": "2023-06-19T14:40:06.944Z"
        },
        {
            "symbol": "XBTUSD",
            "id": 8793710400,
            "side": "Sell",
            "size": 100,
            "price": 62896.0,
            "timestamp": "2023-06-19T14:40:06.944Z"
        },
        {
            "symbol": "XBTUSD",
            "id": 8793746950,
            "side": "Sell",
            "size": 1000,
            "price": 62530.5,
            "timestamp": "2023-06-19T14:40:06.944Z"
        },
        {
            "symbol": "XBTUSD",
            "id": 8793789900,
            "side": "Sell",
            "size": 100,
            "price": 62101.0,
            "timestamp": "2023-06-19T14:40:06.944Z"
        },
        {
            "symbol": "XBTUSD",
            "id": 8793808850,
            "side": "Sell",
            "size": 1000,
            "price": 61911.5,
            "timestamp": "2023-06-19T14:40:06.944Z"
        },
        {
            "symbol": "XBTUSD",
            "id": 8793869350,
            "side": "Sell",
            "size": 100,
            "price": 61306.5,
            "timestamp": "2023-06-19T14:40:06.944Z"
        },
        {
            "symbol": "XBTUSD",
            "id": 8793870150,
            "side": "Sell",
            "size": 1000,
            "price": 61298.5,
            "timestamp": "2023-06-19T14:40:06.944Z"
        },
        {
            "symbol": "XBTUSD",
            "id": 8793884250,
            "side": "Sell",
            "size": 630000,
            "price": 61157.5,
            "timestamp": "2023-06-19T14:40:06.944Z"
        },
        {
            "symbol": "XBTUSD",
            "id": 8793930850,
            "side": "Sell",
            "size": 1000,
            "price": 60691.5,
            "timestamp": "2023-06-19T14:40:06.944Z"
        },
        {
            "symbol": "XBTUSD",
            "id": 8793948850,
            "side": "Sell",
            "size": 100,
            "price": 60511.5,
            "timestamp": "2023-06-19T14:40:06.944Z"
        },
        {
            "symbol": "XBTUSD",
            "id": 8793972000,
            "side": "Sell",
            "size": 5000,
            "price": 60280.0,
            "timestamp": "2023-06-19T14:40:06.944Z"
        },
        {
            "symbol": "XBTUSD",
            "id": 8793990900,
            "side": "Sell",
            "size": 1000,
            "price": 60091.0,
            "timestamp": "2023-06-19T14:40:06.944Z"
        },
        {
            "symbol": "XBTUSD",
            "id": 8794000000,
            "side": "Sell",
            "size": 400,
            "price": 60000.0,
            "timestamp": "2023-06-19T14:40:06.944Z"
        },
        {
            "symbol": "XBTUSD",
            "id": 8794011800,
            "side": "Sell",
            "size": 1564600,
            "price": 59882.0,
            "timestamp": "2023-06-19T14:40:06.944Z"
        },
        {
            "symbol": "XBTUSD",
            "id": 8794028000,
            "side": "Sell",
            "size": 1000,
            "price": 59720.0,
            "timestamp": "2023-06-19T14:40:06.944Z"
        },
        {
            "symbol": "XBTUSD",
            "id": 8794028300,
            "side": "Sell",
            "size": 100,
            "price": 59717.0,
            "timestamp": "2023-06-19T14:40:06.944Z"
        },
        {
            "symbol": "XBTUSD",
            "id": 8794038300,
            "side": "Sell",
            "size": 100,
            "price": 59617.0,
            "timestamp": "2023-06-19T14:40:06.944Z"
        },
        {
            "symbol": "XBTUSD",
            "id": 8794050400,
            "side": "Sell",
            "size": 1000,
            "price": 59496.0,
            "timestamp": "2023-06-19T14:40:06.944Z"
        },
        {
            "symbol": "XBTUSD",
            "id": 8794057600,
            "side": "Sell",
            "size": 700,
            "price": 59424.0,
            "timestamp": "2023-06-19T14:40:06.944Z"
        },
        {
            "symbol": "XBTUSD",
            "id": 8794095000,
            "side": "Sell",
            "size": 5000,
            "price": 59050.0,
            "timestamp": "2023-06-19T14:40:06.944Z"
        },
        {
            "symbol": "XBTUSD",
            "id": 8794109350,
            "side": "Sell",
            "size": 1000,
            "price": 58906.5,
            "timestamp": "2023-06-19T14:40:06.944Z"
        },
        {
            "symbol": "XBTUSD",
            "id": 8794133800,
            "side": "Sell",
            "size": 1000,
            "price": 58662.0,
            "timestamp": "2023-06-19T14:40:06.944Z"
        },
        {
            "symbol": "XBTUSD",
            "id": 8794167650,
            "side": "Sell",
            "size": 1000,
            "price": 58323.5,
            "timestamp": "2023-06-19T14:40:06.944Z"
        },
        {
            "symbol": "XBTUSD",
            "id": 8794179900,
            "side": "Sell",
            "size": 500,
            "price": 58201.0,
            "timestamp": "2023-06-19T14:40:06.944Z"
        },
        {
            "symbol": "XBTUSD",
            "id": 8794209700,
            "side": "Sell",
            "size": 400,
            "price": 57903.0,
            "timestamp": "2023-06-19T14:40:06.944Z"
        },
        {
            "symbol": "XBTUSD",
            "id": 8794225400,
            "side": "Sell",
            "size": 1000,
            "price": 57746.0,
            "timestamp": "2023-06-19T14:40:06.944Z"
        },
        {
            "symbol": "XBTUSD",
            "id": 8794250000,
            "side": "Sell",
            "size": 100,
            "price": 57500.0,
            "timestamp": "2023-06-19T14:40:06.944Z"
        },
        {
            "symbol": "XBTUSD",
            "id": 8794282550,
            "side": "Sell",
            "size": 1000,
            "price": 57174.5,
            "timestamp": "2023-06-19T14:40:06.944Z"
        },
        {
            "symbol": "XBTUSD",
            "id": 8794300000,
            "side": "Sell",
            "size": 200,
            "price": 57000.0,
            "timestamp": "2023-06-19T14:40:06.944Z"
        },
        {
            "symbol": "XBTUSD",
            "id": 8794339200,
            "side": "Sell",
            "size": 1000,
            "price": 56608.0,
            "timestamp": "2023-06-19T14:40:06.944Z"
        },
        {
            "symbol": "XBTUSD",
            "id": 8794346700,
            "side": "Sell",
            "size": 5000,
            "price": 56533.0,
            "timestamp": "2023-06-19T14:40:06.944Z"
        },
        {
            "symbol": "XBTUSD",
            "id": 8794350000,
            "side": "Sell",
            "size": 300,
            "price": 56500.0,
            "timestamp": "2023-06-19T14:40:06.944Z"
        },
        {
            "symbol": "XBTUSD",
            "id": 8794380600,
            "side": "Sell",
            "size": 500,
            "price": 56194.0,
            "timestamp": "2023-06-19T14:40:06.944Z"
        },
        {
            "symbol": "XBTUSD",
            "id": 8794395250,
            "side": "Sell",
            "size": 1000,
            "price": 56047.5,
            "timestamp": "2023-06-19T14:40:06.944Z"
        },
        {
            "symbol": "XBTUSD",
            "id": 8794400000,
            "side": "Sell",
            "size": 100,
            "price": 56000.0,
            "timestamp": "2023-06-19T14:40:06.944Z"
        },
        {
            "symbol": "XBTUSD",
            "id": 8794436700,
            "side": "Sell",
            "size": 5000,
            "price": 55633.0,
            "timestamp": "2023-06-19T14:40:06.944Z"
        },
        {
            "symbol": "XBTUSD",
            "id": 8794450000,
            "side": "Sell",
            "size": 100,
            "price": 55500.0,
            "timestamp": "2023-06-19T14:40:06.944Z"
        },
        {
            "symbol": "XBTUSD",
            "id": 8794450700,
            "side": "Sell",
            "size": 1000,
            "price": 55493.0,
            "timestamp": "2023-06-19T14:40:06.944Z"
        },
        {
            "symbol": "XBTUSD",
            "id": 8794455900,
            "side": "Sell",
            "size": 200,
            "price": 55441.0,
            "timestamp": "2023-06-19T14:40:06.944Z"
        },
        {
            "symbol": "XBTUSD",
            "id": 8794483500,
            "side": "Sell",
            "size": 2000,
            "price": 55165.0,
            "timestamp": "2023-06-19T14:40:06.944Z"
        },
        {
            "symbol": "XBTUSD",
            "id": 8794485500,
            "side": "Sell",
            "size": 400,
            "price": 55145.0,
            "timestamp": "2023-06-19T14:40:06.944Z"
        },
        {
            "symbol": "XBTUSD",
            "id": 8794486850,
            "side": "Sell",
            "size": 100,
            "price": 55131.5,
            "timestamp": "2023-06-19T14:40:06.944Z"
        },
        {
            "symbol": "XBTUSD",
            "id": 8794500000,
            "side": "Sell",
            "size": 30200,
            "price": 55000.0,
            "timestamp": "2023-06-19T14:40:06.944Z"
        },
        {
            "symbol": "XBTUSD",
            "id": 8794505650,
            "side": "Sell",
            "size": 1000,
            "price": 54943.5,
            "timestamp": "2023-06-19T14:40:06.944Z"
        },
        {
            "symbol": "XBTUSD",
            "id": 8794524200,
            "side": "Sell",
            "size": 270000,
            "price": 54758.0,
            "timestamp": "2023-06-19T14:40:06.944Z"
        },
        {
            "symbol": "XBTUSD",
            "id": 8794529900,
            "side": "Sell",
            "size": 270000,
            "price": 54701.0,
            "timestamp": "2023-06-19T14:40:06.944Z"
        },
        {
            "symbol": "XBTUSD",
            "id": 8794530000,
            "side": "Sell",
            "size": 1000,
            "price": 54700.0,
            "timestamp": "2023-06-19T14:40:06.944Z"
        },
        {
            "symbol": "XBTUSD",
            "id": 8794531700,
            "side": "Sell",
            "size": 200,
            "price": 54683.0,
            "timestamp": "2023-06-19T14:40:06.944Z"
        },
        {
            "symbol": "XBTUSD",
            "id": 8794560050,
            "side": "Sell",
            "size": 1000,
            "price": 54399.5,
            "timestamp": "2023-06-19T14:40:06.944Z"
        },
        {
            "symbol": "XBTUSD",
            "id": 8794566000,
            "side": "Sell",
            "size": 100,
            "price": 54340.0,
            "timestamp": "2023-06-19T14:40:06.944Z"
        },
        {
            "symbol": "XBTUSD",
            "id": 8794572300,
            "side": "Sell",
            "size": 1000,
            "price": 54277.0,
            "timestamp": "2023-06-19T14:40:06.944Z"
        },
        {
            "symbol": "XBTUSD",
            "id": 8794577000,
            "side": "Sell",
            "size": 2500,
            "price": 54230.0,
            "timestamp": "2023-06-19T14:40:06.944Z"
        },
        {
            "symbol": "XBTUSD",
            "id": 8794600000,
            "side": "Sell",
            "size": 200,
            "price": 54000.0,
            "timestamp": "2023-06-19T14:40:06.944Z"
        },
        {
            "symbol": "XBTUSD",
            "id": 8794610300,
            "side": "Sell",
            "size": 500,
            "price": 53897.0,
            "timestamp": "2023-06-19T14:40:06.944Z"
        },
        {
            "symbol": "XBTUSD",
            "id": 8794613900,
            "side": "Sell",
            "size": 1000,
            "price": 53861.0,
            "timestamp": "2023-06-19T14:40:06.944Z"
        },
        {
            "symbol": "XBTUSD",
            "id": 8794622050,
            "side": "Sell",
            "size": 100,
            "price": 53779.5,
            "timestamp": "2023-06-19T14:40:06.944Z"
        },
        {
            "symbol": "XBTUSD",
            "id": 8794636700,
            "side": "Sell",
            "size": 5000,
            "price": 53633.0,
            "timestamp": "2023-06-19T14:40:06.944Z"
        },
        {
            "symbol": "XBTUSD",
            "id": 8794650000,
            "side": "Sell",
            "size": 5000,
            "price": 53500.0,
            "timestamp": "2023-06-19T14:40:06.944Z"
        },
        {
            "symbol": "XBTUSD",
            "id": 8794667250,
            "side": "Sell",
            "size": 1000,
            "price": 53327.5,
            "timestamp": "2023-06-19T14:40:06.944Z"
        },
        {
            "symbol": "XBTUSD",
            "id": 8794670200,
            "side": "Sell",
            "size": 1671700,
            "price": 53298.0,
            "timestamp": "2023-06-19T14:40:06.944Z"
        },
        {
            "symbol": "XBTUSD",
            "id": 8794683850,
            "side": "Sell",
            "size": 12000,
            "price": 53161.5,
            "timestamp": "2023-06-19T14:40:06.944Z"
        },
        {
            "symbol": "XBTUSD",
            "id": 8794695050,
            "side": "Sell",
            "size": 1830000,
            "price": 53049.5,
            "timestamp": "2023-06-19T14:40:06.944Z"
        },
        {
            "symbol": "XBTUSD",
            "id": 8794700000,
            "side": "Sell",
            "size": 600,
            "price": 53000.0,
            "timestamp": "2023-06-19T14:40:06.944Z"
        },
        {
            "symbol": "XBTUSD",
            "id": 8794720200,
            "side": "Sell",
            "size": 1000,
            "price": 52798.0,
            "timestamp": "2023-06-19T14:40:06.944Z"
        },
        {
            "symbol": "XBTUSD",
            "id": 8794723400,
            "side": "Sell",
            "size": 500,
            "price": 52766.0,
            "timestamp": "2023-06-19T14:40:06.944Z"
        },
        {
            "symbol": "XBTUSD",
            "id": 8794731700,
            "side": "Sell",
            "size": 200,
            "price": 52683.0,
            "timestamp": "2023-06-19T14:40:06.944Z"
        },
        {
            "symbol": "XBTUSD",
            "id": 8794748100,
            "side": "Sell",
            "size": 400,
            "price": 52519.0,
            "timestamp": "2023-06-19T14:40:06.944Z"
        },
        {
            "symbol": "XBTUSD",
            "id": 8794758050,
            "side": "Sell",
            "size": 1000,
            "price": 52419.5,
            "timestamp": "2023-06-19T14:40:06.944Z"
        },
        {
            "symbol": "XBTUSD",
            "id": 8794772500,
            "side": "Sell",
            "size": 1000,
            "price": 52275.0,
            "timestamp": "2023-06-19T14:40:06.944Z"
        },
        {
            "symbol": "XBTUSD",
            "id": 8794779100,
            "side": "Sell",
            "size": 500,
            "price": 52209.0,
            "timestamp": "2023-06-19T14:40:06.944Z"
        },
        {
            "symbol": "XBTUSD",
            "id": 8794800000,
            "side": "Sell",
            "size": 202300,
            "price": 52000.0,
            "timestamp": "2023-06-19T14:40:06.944Z"
        },
        {
            "symbol": "XBTUSD",
            "id": 8794805700,
            "side": "Sell",
            "size": 100,
            "price": 51943.0,
            "timestamp": "2023-06-19T14:40:06.944Z"
        },
        {
            "symbol": "XBTUSD",
            "id": 8794815700,
            "side": "Sell",
            "size": 100,
            "price": 51843.0,
            "timestamp": "2023-06-19T14:40:06.944Z"
        },
        {
            "symbol": "XBTUSD",
            "id": 8794820000,
            "side": "Sell",
            "size": 100,
            "price": 51800.0,
            "timestamp": "2023-06-19T14:40:06.944Z"
        },
        {
            "symbol": "XBTUSD",
            "id": 8794822700,
            "side": "Sell",
            "size": 1000,
            "price": 51773.0,
            "timestamp": "2023-06-19T14:40:06.944Z"
        },
        {
            "symbol": "XBTUSD",
            "id": 8794824300,
            "side": "Sell",
            "size": 1000,
            "price": 51757.0,
            "timestamp": "2023-06-19T14:40:06.944Z"
        },
        {
            "symbol": "XBTUSD",
            "id": 8794825700,
            "side": "Sell",
            "size": 100,
            "price": 51743.0,
            "timestamp": "2023-06-19T14:40:06.944Z"
        },
        {
            "symbol": "XBTUSD",
            "id": 8794835700,
            "side": "Sell",
            "size": 100,
            "price": 51643.0,
            "timestamp": "2023-06-19T14:40:06.944Z"
        },
        {
            "symbol": "XBTUSD",
            "id": 8794868650,
            "side": "Sell",
            "size": 200,
            "price": 51313.5,
            "timestamp": "2023-06-19T14:40:06.944Z"
        },
        {
            "symbol": "XBTUSD",
            "id": 8794875550,
            "side": "Sell",
            "size": 1000,
            "price": 51244.5,
            "timestamp": "2023-06-19T14:40:06.944Z"
        },
        {
            "symbol": "XBTUSD",
            "id": 8794880000,
            "side": "Sell",
            "size": 100,
            "price": 51200.0,
            "timestamp": "2023-06-19T14:40:06.944Z"
        },
        {
            "symbol": "XBTUSD",
            "id": 8794900000,
            "side": "Sell",
            "size": 401800,
            "price": 51000.0,
            "timestamp": "2023-06-19T14:40:06.944Z"
        },
        {
            "symbol": "XBTUSD",
            "id": 8794908050,
            "side": "Sell",
            "size": 200,
            "price": 50919.5,
            "timestamp": "2023-06-19T14:40:06.944Z"
        },
        {
            "symbol": "XBTUSD",
            "id": 8794910000,
            "side": "Sell",
            "size": 500,
            "price": 50900.0,
            "timestamp": "2023-06-19T14:40:06.944Z"
        },
        {
            "symbol": "XBTUSD",
            "id": 8794926300,
            "side": "Sell",
            "size": 1000,
            "price": 50737.0,
            "timestamp": "2023-06-19T14:40:06.944Z"
        },
        {
            "symbol": "XBTUSD",
            "id": 8794932600,
            "side": "Sell",
            "size": 500,
            "price": 50674.0,
            "timestamp": "2023-06-19T14:40:06.944Z"
        },
        {
            "symbol": "XBTUSD",
            "id": 8794949600,
            "side": "Sell",
            "size": 200,
            "price": 50504.0,
            "timestamp": "2023-06-19T14:40:06.944Z"
        },
        {
            "symbol": "XBTUSD",
            "id": 8794951000,
            "side": "Sell",
            "size": 200,
            "price": 50490.0,
            "timestamp": "2023-06-19T14:40:06.944Z"
        },
        {
            "symbol": "XBTUSD",
            "id": 8794951400,
            "side": "Sell",
            "size": 25300,
            "price": 50486.0,
            "timestamp": "2023-06-19T14:40:06.944Z"
        },
        {
            "symbol": "XBTUSD",
            "id": 8794968650,
            "side": "Sell",
            "size": 200,
            "price": 50313.5,
            "timestamp": "2023-06-19T14:40:06.944Z"
        },
        {
            "symbol": "XBTUSD",
            "id": 8794971600,
            "side": "Sell",
            "size": 2000,
            "price": 50284.0,
            "timestamp": "2023-06-19T14:40:06.944Z"
        },
        {
            "symbol": "XBTUSD",
            "id": 8794976550,
            "side": "Sell",
            "size": 1000,
            "price": 50234.5,
            "timestamp": "2023-06-19T14:40:06.944Z"
        },
        {
            "symbol": "XBTUSD",
            "id": 8794998100,
            "side": "Sell",
            "size": 10000,
            "price": 50019.0,
            "timestamp": "2023-06-19T14:40:06.944Z"
        },
        {
            "symbol": "XBTUSD",
            "id": 8795000000,
            "side": "Sell",
            "size": 2000,
            "price": 50000.0,
            "timestamp": "2023-06-19T14:40:06.944Z"
        },
        {
            "symbol": "XBTUSD",
            "id": 8795000100,
            "side": "Sell",
            "size": 500,
            "price": 49999.0,
            "timestamp": "2023-06-19T14:40:06.944Z"
        },
        {
            "symbol": "XBTUSD",
            "id": 8795001000,
            "side": "Sell",
            "size": 400,
            "price": 49990.0,
            "timestamp": "2023-06-19T14:40:06.944Z"
        },
        {
            "symbol": "XBTUSD",
            "id": 8795002250,
            "side": "Sell",
            "size": 100,
            "price": 49977.5,
            "timestamp": "2023-06-19T14:40:06.944Z"
        },
        {
            "symbol": "XBTUSD",
            "id": 8795021200,
            "side": "Sell",
            "size": 120000,
            "price": 49788.0,
            "timestamp": "2023-06-19T14:40:06.944Z"
        },
        {
            "symbol": "XBTUSD",
            "id": 8795026300,
            "side": "Sell",
            "size": 1000,
            "price": 49737.0,
            "timestamp": "2023-06-19T14:40:06.944Z"
        },
        {
            "symbol": "XBTUSD",
            "id": 8795041600,
            "side": "Sell",
            "size": 2000,
            "price": 49584.0,
            "timestamp": "2023-06-19T14:40:06.944Z"
        },
        {
            "symbol": "XBTUSD",
            "id": 8795050000,
            "side": "Sell",
            "size": 5500,
            "price": 49500.0,
            "timestamp": "2023-06-19T14:40:06.944Z"
        },
        {
            "symbol": "XBTUSD",
            "id": 8795051000,
            "side": "Sell",
            "size": 200,
            "price": 49490.0,
            "timestamp": "2023-06-19T14:40:06.944Z"
        },
        {
            "symbol": "XBTUSD",
            "id": 8795075550,
            "side": "Sell",
            "size": 1000,
            "price": 49244.5,
            "timestamp": "2023-06-19T14:40:06.944Z"
        },
        {
            "symbol": "XBTUSD",
            "id": 8795076250,
            "side": "Sell",
            "size": 300,
            "price": 49237.5,
            "timestamp": "2023-06-19T14:40:06.944Z"
        },
        {
            "symbol": "XBTUSD",
            "id": 8795098850,
            "side": "Sell",
            "size": 1000,
            "price": 49011.5,
            "timestamp": "2023-06-19T14:40:06.944Z"
        },
        {
            "symbol": "XBTUSD",
            "id": 8795100000,
            "side": "Sell",
            "size": 13600,
            "price": 49000.0,
            "timestamp": "2023-06-19T14:40:06.944Z"
        },
        {
            "symbol": "XBTUSD",
            "id": 8795105150,
            "side": "Sell",
            "size": 500,
            "price": 48948.5,
            "timestamp": "2023-06-19T14:40:06.944Z"
        },
        {
            "symbol": "XBTUSD",
            "id": 8795117200,
            "side": "Sell",
            "size": 48800,
            "price": 48828.0,
            "timestamp": "2023-06-19T14:40:06.944Z"
        },
        {
            "symbol": "XBTUSD",
            "id": 8795124350,
            "side": "Sell",
            "size": 1000,
            "price": 48756.5,
            "timestamp": "2023-06-19T14:40:06.944Z"
        },
        {
            "symbol": "XBTUSD",
            "id": 8795129250,
            "side": "Sell",
            "size": 100,
            "price": 48707.5,
            "timestamp": "2023-06-19T14:40:06.944Z"
        },
        {
            "symbol": "XBTUSD",
            "id": 8795136100,
            "side": "Sell",
            "size": 1000,
            "price": 48639.0,
            "timestamp": "2023-06-19T14:40:06.944Z"
        },
        {
            "symbol": "XBTUSD",
            "id": 8795140000,
            "side": "Sell",
            "size": 33500,
            "price": 48600.0,
            "timestamp": "2023-06-19T14:40:06.944Z"
        },
        {
            "symbol": "XBTUSD",
            "id": 8795142000,
            "side": "Sell",
            "size": 100,
            "price": 48580.0,
            "timestamp": "2023-06-19T14:40:06.944Z"
        },
        {
            "symbol": "XBTUSD",
            "id": 8795142900,
            "side": "Sell",
            "size": 100,
            "price": 48571.0,
            "timestamp": "2023-06-19T14:40:06.944Z"
        },
        {
            "symbol": "XBTUSD",
            "id": 8795144400,
            "side": "Sell",
            "size": 7000,
            "price": 48556.0,
            "timestamp": "2023-06-19T14:40:06.944Z"
        },
        {
            "symbol": "XBTUSD",
            "id": 8795148150,
            "side": "Sell",
            "size": 500,
            "price": 48518.5,
            "timestamp": "2023-06-19T14:40:06.944Z"
        },
        {
            "symbol": "XBTUSD",
            "id": 8795153200,
            "side": "Sell",
            "size": 800,
            "price": 48468.0,
            "timestamp": "2023-06-19T14:40:06.944Z"
        },
        {
            "symbol": "XBTUSD",
            "id": 8795154650,
            "side": "Sell",
            "size": 10000,
            "price": 48453.5,
            "timestamp": "2023-06-19T14:40:06.944Z"
        },
        {
            "symbol": "XBTUSD",
            "id": 8795160500,
            "side": "Sell",
            "size": 1000,
            "price": 48395.0,
            "timestamp": "2023-06-19T14:40:06.944Z"
        },
        {
            "symbol": "XBTUSD",
            "id": 8795167150,
            "side": "Sell",
            "size": 200,
            "price": 48328.5,
            "timestamp": "2023-06-19T14:40:06.944Z"
        },
        {
            "symbol": "XBTUSD",
            "id": 8795168600,
            "side": "Sell",
            "size": 200,
            "price": 48314.0,
            "timestamp": "2023-06-19T14:40:06.944Z"
        },
        {
            "symbol": "XBTUSD",
            "id": 8795172650,
            "side": "Sell",
            "size": 1000,
            "price": 48273.5,
            "timestamp": "2023-06-19T14:40:06.944Z"
        },
        {
            "symbol": "XBTUSD",
            "id": 8795189650,
            "side": "Sell",
            "size": 500,
            "price": 48103.5,
            "timestamp": "2023-06-19T14:40:06.944Z"
        },
        {
            "symbol": "XBTUSD",
            "id": 8795190000,
            "side": "Sell",
            "size": 1000,
            "price": 48100.0,
            "timestamp": "2023-06-19T14:40:06.944Z"
        },
        {
            "symbol": "XBTUSD",
            "id": 8795200000,
            "side": "Sell",
            "size": 5400,
            "price": 48000.0,
            "timestamp": "2023-06-19T14:40:06.944Z"
        },
        {
            "symbol": "XBTUSD",
            "id": 8795206750,
            "side": "Sell",
            "size": 500,
            "price": 47932.5,
            "timestamp": "2023-06-19T14:40:06.944Z"
        },
        {
            "symbol": "XBTUSD",
            "id": 8795220450,
            "side": "Sell",
            "size": 1000,
            "price": 47795.5,
            "timestamp": "2023-06-19T14:40:06.944Z"
        },
        {
            "symbol": "XBTUSD",
            "id": 8795223600,
            "side": "Sell",
            "size": 200,
            "price": 47764.0,
            "timestamp": "2023-06-19T14:40:06.944Z"
        },
        {
            "symbol": "XBTUSD",
            "id": 8795229950,
            "side": "Sell",
            "size": 500,
            "price": 47700.5,
            "timestamp": "2023-06-19T14:40:06.944Z"
        },
        {
            "symbol": "XBTUSD",
            "id": 8795230000,
            "side": "Sell",
            "size": 500,
            "price": 47700.0,
            "timestamp": "2023-06-19T14:40:06.944Z"
        },
        {
            "symbol": "XBTUSD",
            "id": 8795236400,
            "side": "Sell",
            "size": 400,
            "price": 47636.0,
            "timestamp": "2023-06-19T14:40:06.944Z"
        },
        {
            "symbol": "XBTUSD",
            "id": 8795248850,
            "side": "Sell",
            "size": 1000,
            "price": 47511.5,
            "timestamp": "2023-06-19T14:40:06.944Z"
        },
        {
            "symbol": "XBTUSD",
            "id": 8795249900,
            "side": "Sell",
            "size": 2000,
            "price": 47501.0,
            "timestamp": "2023-06-19T14:40:06.944Z"
        },
        {
            "symbol": "XBTUSD",
            "id": 8795253200,
            "side": "Sell",
            "size": 23700,
            "price": 47468.0,
            "timestamp": "2023-06-19T14:40:06.944Z"
        },
        {
            "symbol": "XBTUSD",
            "id": 8795254150,
            "side": "Sell",
            "size": 500,
            "price": 47458.5,
            "timestamp": "2023-06-19T14:40:06.944Z"
        },
        {
            "symbol": "XBTUSD",
            "id": 8795267800,
            "side": "Sell",
            "size": 1000,
            "price": 47322.0,
            "timestamp": "2023-06-19T14:40:06.944Z"
        },
        {
            "symbol": "XBTUSD",
            "id": 8795280050,
            "side": "Sell",
            "size": 200,
            "price": 47199.5,
            "timestamp": "2023-06-19T14:40:06.944Z"
        },
        {
            "symbol": "XBTUSD",
            "id": 8795295150,
            "side": "Sell",
            "size": 500,
            "price": 47048.5,
            "timestamp": "2023-06-19T14:40:06.944Z"
        },
        {
            "symbol": "XBTUSD",
            "id": 8795300000,
            "side": "Sell",
            "size": 3100,
            "price": 47000.0,
            "timestamp": "2023-06-19T14:40:06.944Z"
        },
        {
            "symbol": "XBTUSD",
            "id": 8795300050,
            "side": "Sell",
            "size": 810000,
            "price": 46999.5,
            "timestamp": "2023-06-19T14:40:06.944Z"
        },
        {
            "symbol": "XBTUSD",
            "id": 8795304200,
            "side": "Sell",
            "size": 500,
            "price": 46958.0,
            "timestamp": "2023-06-19T14:40:06.944Z"
        },
        {
            "symbol": "XBTUSD",
            "id": 8795310000,
            "side": "Sell",
            "size": 100,
            "price": 46900.0,
            "timestamp": "2023-06-19T14:40:06.944Z"
        },
        {
            "symbol": "XBTUSD",
            "id": 8795314700,
            "side": "Sell",
            "size": 1000,
            "price": 46853.0,
            "timestamp": "2023-06-19T14:40:06.944Z"
        },
        {
            "symbol": "XBTUSD",
            "id": 8795322300,
            "side": "Sell",
            "size": 1000,
            "price": 46777.0,
            "timestamp": "2023-06-19T14:40:06.944Z"
        },
        {
            "symbol": "XBTUSD",
            "id": 8795336450,
            "side": "Sell",
            "size": 200,
            "price": 46635.5,
            "timestamp": "2023-06-19T14:40:06.944Z"
        },
        {
            "symbol": "XBTUSD",
            "id": 8795344750,
            "side": "Sell",
            "size": 1000,
            "price": 46552.5,
            "timestamp": "2023-06-19T14:40:06.944Z"
        },
        {
            "symbol": "XBTUSD",
            "id": 8795350000,
            "side": "Sell",
            "size": 100,
            "price": 46500.0,
            "timestamp": "2023-06-19T14:40:06.944Z"
        },
        {
            "symbol": "XBTUSD",
            "id": 8795352900,
            "side": "Sell",
            "size": 500,
            "price": 46471.0,
            "timestamp": "2023-06-19T14:40:06.944Z"
        },
        {
            "symbol": "XBTUSD",
            "id": 8795360600,
            "side": "Sell",
            "size": 500,
            "price": 46394.0,
            "timestamp": "2023-06-19T14:40:06.944Z"
        },
        {
            "symbol": "XBTUSD",
            "id": 8795361050,
            "side": "Sell",
            "size": 1000,
            "price": 46389.5,
            "timestamp": "2023-06-19T14:40:06.944Z"
        },
        {
            "symbol": "XBTUSD",
            "id": 8795364950,
            "side": "Sell",
            "size": 500,
            "price": 46350.5,
            "timestamp": "2023-06-19T14:40:06.944Z"
        },
        {
            "symbol": "XBTUSD",
            "id": 8795367850,
            "side": "Sell",
            "size": 100,
            "price": 46321.5,
            "timestamp": "2023-06-19T14:40:06.944Z"
        },
        {
            "symbol": "XBTUSD",
            "id": 8795392900,
            "side": "Sell",
            "size": 200,
            "price": 46071.0,
            "timestamp": "2023-06-19T14:40:06.944Z"
        },
        {
            "symbol": "XBTUSD",
            "id": 8795400000,
            "side": "Sell",
            "size": 305000,
            "price": 46000.0,
            "timestamp": "2023-06-19T14:40:06.944Z"
        },
        {
            "symbol": "XBTUSD",
            "id": 8795406800,
            "side": "Sell",
            "size": 500,
            "price": 45932.0,
            "timestamp": "2023-06-19T14:40:06.944Z"
        },
        {
            "symbol": "XBTUSD",
            "id": 8795407000,
            "side": "Sell",
            "size": 1000,
            "price": 45930.0,
            "timestamp": "2023-06-19T14:40:06.944Z"
        },
        {
            "symbol": "XBTUSD",
            "id": 8795412800,
            "side": "Sell",
            "size": 4500,
            "price": 45872.0,
            "timestamp": "2023-06-19T14:40:06.944Z"
        },
        {
            "symbol": "XBTUSD",
            "id": 8795420000,
            "side": "Sell",
            "size": 10000,
            "price": 45800.0,
            "timestamp": "2023-06-19T14:40:06.944Z"
        },
        {
            "symbol": "XBTUSD",
            "id": 8795423500,
            "side": "Sell",
            "size": 500,
            "price": 45765.0,
            "timestamp": "2023-06-19T14:40:06.944Z"
        },
        {
            "symbol": "XBTUSD",
            "id": 8795444850,
            "side": "Sell",
            "size": 200,
            "price": 45551.5,
            "timestamp": "2023-06-19T14:40:06.944Z"
        },
        {
            "symbol": "XBTUSD",
            "id": 8795449350,
            "side": "Sell",
            "size": 200,
            "price": 45506.5,
            "timestamp": "2023-06-19T14:40:06.944Z"
        },
        {
            "symbol": "XBTUSD",
            "id": 8795452500,
            "side": "Sell",
            "size": 1000,
            "price": 45475.0,
            "timestamp": "2023-06-19T14:40:06.944Z"
        },
        {
            "symbol": "XBTUSD",
            "id": 8795455600,
            "side": "Sell",
            "size": 4400,
            "price": 45444.0,
            "timestamp": "2023-06-19T14:40:06.944Z"
        },
        {
            "symbol": "XBTUSD",
            "id": 8795455900,
            "side": "Sell",
            "size": 28800,
            "price": 45441.0,
            "timestamp": "2023-06-19T14:40:06.944Z"
        },
        {
            "symbol": "XBTUSD",
            "id": 8795458700,
            "side": "Sell",
            "size": 900000,
            "price": 45413.0,
            "timestamp": "2023-06-19T14:40:06.944Z"
        },
        {
            "symbol": "XBTUSD",
            "id": 8795463200,
            "side": "Sell",
            "size": 400,
            "price": 45368.0,
            "timestamp": "2023-06-19T14:40:06.944Z"
        },
        {
            "symbol": "XBTUSD",
            "id": 8795470000,
            "side": "Sell",
            "size": 5000,
            "price": 45300.0,
            "timestamp": "2023-06-19T14:40:06.944Z"
        },
        {
            "symbol": "XBTUSD",
            "id": 8795472600,
            "side": "Sell",
            "size": 500,
            "price": 45274.0,
            "timestamp": "2023-06-19T14:40:06.944Z"
        },
        {
            "symbol": "XBTUSD",
            "id": 8795487450,
            "side": "Sell",
            "size": 500,
            "price": 45125.5,
            "timestamp": "2023-06-19T14:40:06.944Z"
        },
        {
            "symbol": "XBTUSD",
            "id": 8795497550,
            "side": "Sell",
            "size": 1000,
            "price": 45024.5,
            "timestamp": "2023-06-19T14:40:06.944Z"
        },
        {
            "symbol": "XBTUSD",
            "id": 8795500000,
            "side": "Sell",
            "size": 5200,
            "price": 45000.0,
            "timestamp": "2023-06-19T14:40:06.944Z"
        },
        {
            "symbol": "XBTUSD",
            "id": 8795505800,
            "side": "Sell",
            "size": 200,
            "price": 44942.0,
            "timestamp": "2023-06-19T14:40:06.944Z"
        },
        {
            "symbol": "XBTUSD",
            "id": 8795510600,
            "side": "Sell",
            "size": 300,
            "price": 44894.0,
            "timestamp": "2023-06-19T14:40:06.944Z"
        },
        {
            "symbol": "XBTUSD",
            "id": 8795517200,
            "side": "Sell",
            "size": 44800,
            "price": 44828.0,
            "timestamp": "2023-06-19T14:40:06.944Z"
        },
        {
            "symbol": "XBTUSD",
            "id": 8795520000,
            "side": "Sell",
            "size": 5000,
            "price": 44800.0,
            "timestamp": "2023-06-19T14:40:06.944Z"
        },
        {
            "symbol": "XBTUSD",
            "id": 8795522050,
            "side": "Sell",
            "size": 246600,
            "price": 44779.5,
            "timestamp": "2023-06-19T14:40:06.944Z"
        },
        {
            "symbol": "XBTUSD",
            "id": 8795529650,
            "side": "Sell",
            "size": 500,
            "price": 44703.5,
            "timestamp": "2023-06-19T14:40:06.944Z"
        },
        {
            "symbol": "XBTUSD",
            "id": 8795537900,
            "side": "Sell",
            "size": 210000,
            "price": 44621.0,
            "timestamp": "2023-06-19T14:40:06.944Z"
        },
        {
            "symbol": "XBTUSD",
            "id": 8795542150,
            "side": "Sell",
            "size": 1000,
            "price": 44578.5,
            "timestamp": "2023-06-19T14:40:06.944Z"
        },
        {
            "symbol": "XBTUSD",
            "id": 8795542750,
            "side": "Sell",
            "size": 180000,
            "price": 44572.5,
            "timestamp": "2023-06-19T14:40:06.944Z"
        },
        {
            "symbol": "XBTUSD",
            "id": 8795550000,
            "side": "Sell",
            "size": 500,
            "price": 44500.0,
            "timestamp": "2023-06-19T14:40:06.944Z"
        },
        {
            "symbol": "XBTUSD",
            "id": 8795558600,
            "side": "Sell",
            "size": 500,
            "price": 44414.0,
            "timestamp": "2023-06-19T14:40:06.944Z"
        },
        {
            "symbol": "XBTUSD",
            "id": 8795562200,
            "side": "Sell",
            "size": 200,
            "price": 44378.0,
            "timestamp": "2023-06-19T14:40:06.944Z"
        },
        {
            "symbol": "XBTUSD",
            "id": 8795570000,
            "side": "Sell",
            "size": 5000,
            "price": 44300.0,
            "timestamp": "2023-06-19T14:40:06.944Z"
        },
        {
            "symbol": "XBTUSD",
            "id": 8795572950,
            "side": "Sell",
            "size": 180000,
            "price": 44270.5,
            "timestamp": "2023-06-19T14:40:06.944Z"
        },
        {
            "symbol": "XBTUSD",
            "id": 8795576450,
            "side": "Sell",
            "size": 500,
            "price": 44235.5,
            "timestamp": "2023-06-19T14:40:06.944Z"
        },
        {
            "symbol": "XBTUSD",
            "id": 8795586300,
            "side": "Sell",
            "size": 1000,
            "price": 44137.0,
            "timestamp": "2023-06-19T14:40:06.944Z"
        },
        {
            "symbol": "XBTUSD",
            "id": 8795600000,
            "side": "Sell",
            "size": 6500,
            "price": 44000.0,
            "timestamp": "2023-06-19T14:40:06.944Z"
        },
        {
            "symbol": "XBTUSD",
            "id": 8795606250,
            "side": "Sell",
            "size": 10000,
            "price": 43937.5,
            "timestamp": "2023-06-19T14:40:06.944Z"
        },
        {
            "symbol": "XBTUSD",
            "id": 8795611650,
            "side": "Sell",
            "size": 500,
            "price": 43883.5,
            "timestamp": "2023-06-19T14:40:06.944Z"
        },
        {
            "symbol": "XBTUSD",
            "id": 8795618650,
            "side": "Sell",
            "size": 200,
            "price": 43813.5,
            "timestamp": "2023-06-19T14:40:06.944Z"
        },
        {
            "symbol": "XBTUSD",
            "id": 8795620000,
            "side": "Sell",
            "size": 5000,
            "price": 43800.0,
            "timestamp": "2023-06-19T14:40:06.944Z"
        },
        {
            "symbol": "XBTUSD",
            "id": 8795624950,
            "side": "Sell",
            "size": 500,
            "price": 43750.5,
            "timestamp": "2023-06-19T14:40:06.944Z"
        },
        {
            "symbol": "XBTUSD",
            "id": 8795625000,
            "side": "Sell",
            "size": 780000,
            "price": 43750.0,
            "timestamp": "2023-06-19T14:40:06.944Z"
        },
        {
            "symbol": "XBTUSD",
            "id": 8795630000,
            "side": "Sell",
            "size": 1000,
            "price": 43700.0,
            "timestamp": "2023-06-19T14:40:06.944Z"
        },
        {
            "symbol": "XBTUSD",
            "id": 8795639100,
            "side": "Sell",
            "size": 500,
            "price": 43609.0,
            "timestamp": "2023-06-19T14:40:06.944Z"
        },
        {
            "symbol": "XBTUSD",
            "id": 8795649950,
            "side": "Sell",
            "size": 500,
            "price": 43500.5,
            "timestamp": "2023-06-19T14:40:06.944Z"
        },
        {
            "symbol": "XBTUSD",
            "id": 8795650000,
            "side": "Sell",
            "size": 100,
            "price": 43500.0,
            "timestamp": "2023-06-19T14:40:06.944Z"
        },
        {
            "symbol": "XBTUSD",
            "id": 8795664200,
            "side": "Sell",
            "size": 500,
            "price": 43358.0,
            "timestamp": "2023-06-19T14:40:06.944Z"
        },
        {
            "symbol": "XBTUSD",
            "id": 8795669000,
            "side": "Sell",
            "size": 500,
            "price": 43310.0,
            "timestamp": "2023-06-19T14:40:06.944Z"
        },
        {
            "symbol": "XBTUSD",
            "id": 8795670000,
            "side": "Sell",
            "size": 5000,
            "price": 43300.0,
            "timestamp": "2023-06-19T14:40:06.944Z"
        },
        {
            "symbol": "XBTUSD",
            "id": 8795671250,
            "side": "Sell",
            "size": 500,
            "price": 43287.5,
            "timestamp": "2023-06-19T14:40:06.944Z"
        },
        {
            "symbol": "XBTUSD",
            "id": 8795673300,
            "side": "Sell",
            "size": 1000,
            "price": 43267.0,
            "timestamp": "2023-06-19T14:40:06.944Z"
        },
        {
            "symbol": "XBTUSD",
            "id": 8795679200,
            "side": "Sell",
            "size": 400,
            "price": 43208.0,
            "timestamp": "2023-06-19T14:40:06.944Z"
        },
        {
            "symbol": "XBTUSD",
            "id": 8795690050,
            "side": "Sell",
            "size": 500,
            "price": 43099.5,
            "timestamp": "2023-06-19T14:40:06.944Z"
        },
        {
            "symbol": "XBTUSD",
            "id": 8795699950,
            "side": "Sell",
            "size": 500,
            "price": 43000.5,
            "timestamp": "2023-06-19T14:40:06.944Z"
        },
        {
            "symbol": "XBTUSD",
            "id": 8795700000,
            "side": "Sell",
            "size": 49100,
            "price": 43000.0,
            "timestamp": "2023-06-19T14:40:06.944Z"
        },
        {
            "symbol": "XBTUSD",
            "id": 8795709900,
            "side": "Sell",
            "size": 500,
            "price": 42901.0,
            "timestamp": "2023-06-19T14:40:06.944Z"
        },
        {
            "symbol": "XBTUSD",
            "id": 8795715550,
            "side": "Sell",
            "size": 5000,
            "price": 42844.5,
            "timestamp": "2023-06-19T14:40:06.944Z"
        },
        {
            "symbol": "XBTUSD",
            "id": 8795716150,
            "side": "Sell",
            "size": 1000,
            "price": 42838.5,
            "timestamp": "2023-06-19T14:40:06.944Z"
        },
        {
            "symbol": "XBTUSD",
            "id": 8795719350,
            "side": "Sell",
            "size": 150000,
            "price": 42806.5,
            "timestamp": "2023-06-19T14:40:06.944Z"
        },
        {
            "symbol": "XBTUSD",
            "id": 8795720000,
            "side": "Sell",
            "size": 5000,
            "price": 42800.0,
            "timestamp": "2023-06-19T14:40:06.944Z"
        },
        {
            "symbol": "XBTUSD",
            "id": 8795722550,
            "side": "Sell",
            "size": 120000,
            "price": 42774.5,
            "timestamp": "2023-06-19T14:40:06.944Z"
        },
        {
            "symbol": "XBTUSD",
            "id": 8795728550,
            "side": "Sell",
            "size": 4500,
            "price": 42714.5,
            "timestamp": "2023-06-19T14:40:06.944Z"
        },
        {
            "symbol": "XBTUSD",
            "id": 8795741600,
            "side": "Sell",
            "size": 500,
            "price": 42584.0,
            "timestamp": "2023-06-19T14:40:06.944Z"
        },
        {
            "symbol": "XBTUSD",
            "id": 8795745550,
            "side": "Sell",
            "size": 500,
            "price": 42544.5,
            "timestamp": "2023-06-19T14:40:06.944Z"
        },
        {
            "symbol": "XBTUSD",
            "id": 8795749800,
            "side": "Sell",
            "size": 180000,
            "price": 42502.0,
            "timestamp": "2023-06-19T14:40:06.944Z"
        },
        {
            "symbol": "XBTUSD",
            "id": 8795758400,
            "side": "Sell",
            "size": 500,
            "price": 42416.0,
            "timestamp": "2023-06-19T14:40:06.944Z"
        },
        {
            "symbol": "XBTUSD",
            "id": 8795758600,
            "side": "Sell",
            "size": 1000,
            "price": 42414.0,
            "timestamp": "2023-06-19T14:40:06.944Z"
        },
        {
            "symbol": "XBTUSD",
            "id": 8795768400,
            "side": "Sell",
            "size": 20000,
            "price": 42316.0,
            "timestamp": "2023-06-19T14:40:06.944Z"
        },
        {
            "symbol": "XBTUSD",
            "id": 8795770000,
            "side": "Sell",
            "size": 5000,
            "price": 42300.0,
            "timestamp": "2023-06-19T14:40:06.944Z"
        },
        {
            "symbol": "XBTUSD",
            "id": 8795795800,
            "side": "Sell",
            "size": 500,
            "price": 42042.0,
            "timestamp": "2023-06-19T14:40:06.944Z"
        },
        {
            "symbol": "XBTUSD",
            "id": 8795799950,
            "side": "Sell",
            "size": 1500,
            "price": 42000.5,
            "timestamp": "2023-06-19T14:40:06.944Z"
        },
        {
            "symbol": "XBTUSD",
            "id": 8795800000,
            "side": "Sell",
            "size": 90900,
            "price": 42000.0,
            "timestamp": "2023-06-19T14:40:06.944Z"
        },
        {
            "symbol": "XBTUSD",
            "id": 8795800600,
            "side": "Sell",
            "size": 1000,
            "price": 41994.0,
            "timestamp": "2023-06-19T14:40:06.944Z"
        },
        {
            "symbol": "XBTUSD",
            "id": 8795801000,
            "side": "Sell",
            "size": 30000,
            "price": 41990.0,
            "timestamp": "2023-06-19T14:40:06.944Z"
        },
        {
            "symbol": "XBTUSD",
            "id": 8795803550,
            "side": "Sell",
            "size": 630000,
            "price": 41964.5,
            "timestamp": "2023-06-19T14:40:06.944Z"
        },
        {
            "symbol": "XBTUSD",
            "id": 8795805900,
            "side": "Sell",
            "size": 430000,
            "price": 41941.0,
            "timestamp": "2023-06-19T14:40:06.944Z"
        },
        {
            "symbol": "XBTUSD",
            "id": 8795809100,
            "side": "Sell",
            "size": 337500,
            "price": 41909.0,
            "timestamp": "2023-06-19T14:40:06.944Z"
        },
        {
            "symbol": "XBTUSD",
            "id": 8795814900,
            "side": "Sell",
            "size": 6000,
            "price": 41851.0,
            "timestamp": "2023-06-19T14:40:06.944Z"
        },
        {
            "symbol": "XBTUSD",
            "id": 8795819000,
            "side": "Sell",
            "size": 500,
            "price": 41810.0,
            "timestamp": "2023-06-19T14:40:06.944Z"
        },
        {
            "symbol": "XBTUSD",
            "id": 8796640000,
            "side": "Sell",
            "size": 6600,
            "price": 33600.0,
            "timestamp": "2023-06-19T14:40:06.944Z"
        },
        {
            "symbol": "XBTUSD",
            "id": 8796645700,
            "side": "Sell",
            "size": 2100,
            "price": 33543.0,
            "timestamp": "2023-06-19T14:40:06.944Z"
        },
        {
            "symbol": "XBTUSD",
            "id": 8796650000,
            "side": "Sell",
            "size": 7300,
            "price": 33500.0,
            "timestamp": "2023-06-19T14:40:06.944Z"
        },
        {
            "symbol": "XBTUSD",
            "id": 8796650100,
            "side": "Sell",
            "size": 5800,
            "price": 33499.0,
            "timestamp": "2023-06-19T14:40:06.944Z"
        },
        {
            "symbol": "XBTUSD",
            "id": 8796655900,
            "side": "Sell",
            "size": 100,
            "price": 33441.0,
            "timestamp": "2023-06-19T14:40:06.944Z"
        },
        {
            "symbol": "XBTUSD",
            "id": 8796656000,
            "side": "Sell",
            "size": 100,
            "price": 33440.0,
            "timestamp": "2023-06-19T14:40:06.944Z"
        },
        {
            "symbol": "XBTUSD",
            "id": 8796660000,
            "side": "Sell",
            "size": 7600,
            "price": 33400.0,
            "timestamp": "2023-06-19T14:40:06.944Z"
        },
        {
            "symbol": "XBTUSD",
            "id": 8796660300,
            "side": "Sell",
            "size": 2000,
            "price": 33397.0,
            "timestamp": "2023-06-19T14:40:06.944Z"
        },
        {
            "symbol": "XBTUSD",
            "id": 8796660600,
            "side": "Sell",
            "size": 64000,
            "price": 33394.0,
            "timestamp": "2023-06-19T14:40:06.944Z"
        },
        {
            "symbol": "XBTUSD",
            "id": 8796664700,
            "side": "Sell",
            "size": 100,
            "price": 33353.0,
            "timestamp": "2023-06-19T14:40:06.944Z"
        },
        {
            "symbol": "XBTUSD",
            "id": 8796666800,
            "side": "Sell",
            "size": 500,
            "price": 33332.0,
            "timestamp": "2023-06-19T14:40:06.944Z"
        },
        {
            "symbol": "XBTUSD",
            "id": 8796668000,
            "side": "Sell",
            "size": 1000,
            "price": 33320.0,
            "timestamp": "2023-06-19T14:40:06.944Z"
        },
        {
            "symbol": "XBTUSD",
            "id": 8796670000,
            "side": "Sell",
            "size": 19100,
            "price": 33300.0,
            "timestamp": "2023-06-19T14:40:06.944Z"
        },
        {
            "symbol": "XBTUSD",
            "id": 8796675000,
            "side": "Sell",
            "size": 100,
            "price": 33250.0,
            "timestamp": "2023-06-19T14:40:06.944Z"
        },
        {
            "symbol": "XBTUSD",
            "id": 8796676100,
            "side": "Sell",
            "size": 600,
            "price": 33239.0,
            "timestamp": "2023-06-19T14:40:06.944Z"
        },
        {
            "symbol": "XBTUSD",
            "id": 8796678900,
            "side": "Sell",
            "size": 1800,
            "price": 33211.0,
            "timestamp": "2023-06-19T14:40:06.944Z"
        },
        {
            "symbol": "XBTUSD",
            "id": 8796680000,
            "side": "Sell",
            "size": 16600,
            "price": 33200.0,
            "timestamp": "2023-06-19T14:40:06.944Z"
        },
        {
            "symbol": "XBTUSD",
            "id": 8796680050,
            "side": "Sell",
            "size": 2500,
            "price": 33199.5,
            "timestamp": "2023-06-19T14:40:06.944Z"
        },
        {
            "symbol": "XBTUSD",
            "id": 8796682000,
            "side": "Sell",
            "size": 100,
            "price": 33180.0,
            "timestamp": "2023-06-19T14:40:06.944Z"
        },
        {
            "symbol": "XBTUSD",
            "id": 8796684000,
            "side": "Sell",
            "size": 100,
            "price": 33160.0,
            "timestamp": "2023-06-19T14:40:06.944Z"
        },
        {
            "symbol": "XBTUSD",
            "id": 8796686150,
            "side": "Sell",
            "size": 500,
            "price": 33138.5,
            "timestamp": "2023-06-19T14:40:06.944Z"
        },
        {
            "symbol": "XBTUSD",
            "id": 8796690000,
            "side": "Sell",
            "size": 8600,
            "price": 33100.0,
            "timestamp": "2023-06-19T14:40:06.944Z"
        },
        {
            "symbol": "XBTUSD",
            "id": 8796691400,
            "side": "Sell",
            "size": 800,
            "price": 33086.0,
            "timestamp": "2023-06-19T14:40:06.944Z"
        },
        {
            "symbol": "XBTUSD",
            "id": 8796693400,
            "side": "Sell",
            "size": 2000,
            "price": 33066.0,
            "timestamp": "2023-06-19T14:40:06.944Z"
        },
        {
            "symbol": "XBTUSD",
            "id": 8796696900,
            "side": "Sell",
            "size": 100,
            "price": 33031.0,
            "timestamp": "2023-06-19T14:40:06.944Z"
        },
        {
            "symbol": "XBTUSD",
            "id": 8796699100,
            "side": "Sell",
            "size": 7000000,
            "price": 33009.0,
            "timestamp": "2023-06-19T14:40:06.944Z"
        },
        {
            "symbol": "XBTUSD",
            "id": 8796700000,
            "side": "Sell",
            "size": 30400,
            "price": 33000.0,
            "timestamp": "2023-06-19T14:40:06.944Z"
        },
        {
            "symbol": "XBTUSD",
            "id": 8796701100,
            "side": "Sell",
            "size": 2000,
            "price": 32989.0,
            "timestamp": "2023-06-19T14:40:06.944Z"
        },
        {
            "symbol": "XBTUSD",
            "id": 8796701350,
            "side": "Sell",
            "size": 300,
            "price": 32986.5,
            "timestamp": "2023-06-19T14:40:06.944Z"
        },
        {
            "symbol": "XBTUSD",
            "id": 8796702300,
            "side": "Sell",
            "size": 500,
            "price": 32977.0,
            "timestamp": "2023-06-19T14:40:06.944Z"
        },
        {
            "symbol": "XBTUSD",
            "id": 8796702750,
            "side": "Sell",
            "size": 200000,
            "price": 32972.5,
            "timestamp": "2023-06-19T14:40:06.944Z"
        },
        {
            "symbol": "XBTUSD",
            "id": 8796705500,
            "side": "Sell",
            "size": 10000,
            "price": 32945.0,
            "timestamp": "2023-06-19T14:40:06.944Z"
        },
        {
            "symbol": "XBTUSD",
            "id": 8796710000,
            "side": "Sell",
            "size": 7400,
            "price": 32900.0,
            "timestamp": "2023-06-19T14:40:06.944Z"
        },
        {
            "symbol": "XBTUSD",
            "id": 8796711200,
            "side": "Sell",
            "size": 2000,
            "price": 32888.0,
            "timestamp": "2023-06-19T14:40:06.944Z"
        },
        {
            "symbol": "XBTUSD",
            "id": 8796712650,
            "side": "Sell",
            "size": 20000,
            "price": 32873.5,
            "timestamp": "2023-06-19T14:40:06.944Z"
        },
        {
            "symbol": "XBTUSD",
            "id": 8796713000,
            "side": "Sell",
            "size": 100,
            "price": 32870.0,
            "timestamp": "2023-06-19T14:40:06.944Z"
        },
        {
            "symbol": "XBTUSD",
            "id": 8796715500,
            "side": "Sell",
            "size": 100,
            "price": 32845.0,
            "timestamp": "2023-06-19T14:40:06.944Z"
        },
        {
            "symbol": "XBTUSD",
            "id": 8796715750,
            "side": "Sell",
            "size": 500,
            "price": 32842.5,
            "timestamp": "2023-06-19T14:40:06.944Z"
        },
        {
            "symbol": "XBTUSD",
            "id": 8796716750,
            "side": "Sell",
            "size": 500,
            "price": 32832.5,
            "timestamp": "2023-06-19T14:40:06.944Z"
        },
        {
            "symbol": "XBTUSD",
            "id": 8796720000,
            "side": "Sell",
            "size": 15400,
            "price": 32800.0,
            "timestamp": "2023-06-19T14:40:06.944Z"
        },
        {
            "symbol": "XBTUSD",
            "id": 8796722300,
            "side": "Sell",
            "size": 1000,
            "price": 32777.0,
            "timestamp": "2023-06-19T14:40:06.944Z"
        },
        {
            "symbol": "XBTUSD",
            "id": 8796723850,
            "side": "Sell",
            "size": 5900,
            "price": 32761.5,
            "timestamp": "2023-06-19T14:40:06.944Z"
        },
        {
            "symbol": "XBTUSD",
            "id": 8796725000,
            "side": "Sell",
            "size": 600,
            "price": 32750.0,
            "timestamp": "2023-06-19T14:40:06.944Z"
        },
        {
            "symbol": "XBTUSD",
            "id": 8796726150,
            "side": "Sell",
            "size": 2000,
            "price": 32738.5,
            "timestamp": "2023-06-19T14:40:06.944Z"
        },
        {
            "symbol": "XBTUSD",
            "id": 8796727500,
            "side": "Sell",
            "size": 100,
            "price": 32725.0,
            "timestamp": "2023-06-19T14:40:06.944Z"
        },
        {
            "symbol": "XBTUSD",
            "id": 8796727950,
            "side": "Sell",
            "size": 500,
            "price": 32720.5,
            "timestamp": "2023-06-19T14:40:06.944Z"
        },
        {
            "symbol": "XBTUSD",
            "id": 8796730000,
